% This file was created with JabRef 2.9.2.
% Encoding: UTF-8

@BOOK{taxa,
  title = {Введение в исследование операций},
  publisher = {Издательский дом “Вильямс”},
  year = {2005},
  author = {Х. Таха, А. Хемди},
  pages = {912},
  language = {russian},
  owner = {budnyjj},
  timestamp = {2013.12.22}
}

