% This file was created with JabRef 2.9.2.
% Encoding: UTF-8

@BOOK{fowler04,
  title = {UML Основы},
  publisher = {Символ Плюс},
  year = {2004},
  editor = {А. Галунов},
  author = {М. Фаулер},
  language = {russian},
  owner = {budnyjj},
  timestamp = {2014.03.20}
}

@ELECTRONIC{itteach_class_diagrams,
  title = {Диаграммы классов},
  language = {russian},
  url = {http://itteach.ru/rational-rose/diagrammi-klassov/vse-stranitsi},
  owner = {budnyjj},
  timestamp = {2014.03.20}
}

@ELECTRONIC{wiki_mvc,
  title = {Model–view–controller},
  language = {russian},
  url = {http://en.wikipedia.org/wiki/Model-view-controller},
  owner = {budnyjj},
  timestamp = {2014.03.20}
}

