% This file was created with JabRef 2.9b2.
% Encoding: UTF-8

@MANUAL{operResearch,
  title = {Введение в исследование операций [Электронный ресурс]. -- Электронные данные. – Режим доступа:
  http://fmi.asf.ru/Library/Book/OperReserch/Vv1.html.},
  owner = {pasha},
  timestamp = {2013.11.10}
}

@MANUAL{psati,
  title = {Исследование операций [Электронный ресурс]. --Электронные данные. – Режим доступа: http://vvo.psati.ru/files/is\_ik\_lk/Vvedenie.htm,
	свободный.},
  owner = {pasha},
  timestamp = {2013.11.09}
}

@MANUAL{taxa,
  title = {Таха, Х. Введение в исследование операций, 7-е издание.: Пер. с англ. / \\ Х. Таха, А. Хемди – М.: Издательский дом “Вильямс”, 2005.-912
	с.},
  owner = {pasha},
  timestamp = {2013.11.10}
}

